#############################################################################
##
#W  id896.bib              GAP library of id's             Hans Ulrich Besche
##
Revision.id896_bib :=
    "@(#)$Id$";

ID_GROUP_TREE.next[896].next[61].next[2]:=
rec(
  fp:= [ 639, 1164, 2570, 4245, 4675, 6404, 8079, 10238, 10693, 11913, 14994, 
16696, 16711, 18828, 22662, 25743, 27445, 29577, 31279, 33142, 35113, 37990, 
38194, 39160, 39978, 41193, 42004, 42028, 45178, 45862, 48022, 48943, 50441, 
50866, 51196, 52777, 54040, 54275, 56101, 56611, 56884, 57214, 57316, 57533, 
59692, 61190, 61367, 61544, 62902, 63232, 63526, 65024, 65746, 67360, 68282, 
71194, 71939, 72116, 74608, 75028, 75773, 78102, 79317, 80532, 80706, 80733, 
81747, 82688, 84567, 84744, 86242, 86282, 86522, 88401, 91482, 92300, 93157, 
93437, 95316, 96655, 96991, 97271, 97870, 98318, 99085, 99150, 99327 ],
  next:= [ 14767, 10906, rec(
    fp:= [ 12376, 23341, 53222, 98723 ],
    next:= [ 11927, 12038, 12042, 11931 ] ), rec(
    fp:= [ 4546, 6361, 10236, 18518, 21235, 27589, 28549, 28722, 31292, 
31357, 38687, 41117, 42989, 43270, 44203, 46021, 51216, 55782, 60446, 61565, 
65500, 70971, 71620, 77074, 86410, 88575, 91570, 92013, 95587, 96513 ],
    next:= [ 11587, 10733, 10766, 11548, rec(
      desc:= [ 107003 ],
      fp:= [ 214, 412 ],
      next:= [ 11254, 11547 ] ), 10765, 11215, rec(
      desc:= [ 110005 ],
      fp:= [ 8, 18 ],
      next:= [ 11213, 10701 ] ), 11253, 10668, 11500, 11501, 11214, 10764, 
10752, 10791, 11588, 11284, rec(
      desc:= [ 107003 ],
      fp:= [ 4, 14 ],
      next:= [ 10716, 10702 ] ), 10917, 11549, 11589, rec(
      desc:= [ 106003 ],
      fp:= [ 416, 812 ],
      next:= [ 10669, 10687 ] ), 11286, 11252, 11285, 11546, 11499, 
10790, rec(
      desc:= [ 107003 ],
      fp:= [ 214, 412 ],
      next:= [ 10732, 11498 ] ) ] ), rec(
    fp:= [ 31387, 42484, 62495, 96104 ],
    next:= [ 16286, 16233, 16284, rec(
      desc:= [ 209005 ],
      fp:= [ 16, 26 ],
      next:= [ 16287, 16285 ] ) ] ), rec(
    fp:= [ 9782, 48667, 54500, 88448 ],
    next:= [ 11857, 11985, 11987, 11859 ] ), rec(
    fp:= [ 886, 12368, 18513, 20378, 30767, 36604, 62470, 66406, 66602, 
71004, 72065, 83080, 88102, 90065 ],
    next:= [ 10874, 15948, 15972, 10810, rec(
      desc:= [ 106003 ],
      fp:= [ 4, 14 ],
      next:= [ 10809, 15971 ] ), 10841, 16004, 10840, 10872, 10842, 
10924, rec(
      desc:= [ 209005 ],
      fp:= [ 8, 18 ],
      next:= [ 15976, 15973 ] ), 10811, 10873 ] ), rec(
    fp:= [ 40306, 61781, 69517, 75350 ],
    next:= [ 11800, 11796, 12075, 12079 ] ), 16311, 10908, rec(
    fp:= [ 2636, 5010, 15783, 16185, 17283, 17832, 19600, 20581, 22245, 
22349, 23482, 24271, 26036, 28530, 28728, 29393, 30292, 30899, 30925, 31157, 
31451, 31569, 31696, 33064, 34675, 35862, 37011, 39176, 39394, 39535, 41512, 
42039, 44176, 45852, 47129, 48182, 54145, 54675, 61406, 61660, 63777, 65554, 
66422, 66501, 67241, 71471, 73365, 73935, 74487, 75611, 76070, 76255, 77180, 
78696, 80926, 81614, 83118, 85185, 85431, 85918, 86104, 89765, 90264, 90291, 
90820, 91720, 92103, 94846, 97523 ],
    next:= [ rec(
      desc:= [ 111005 ],
      fp:= [ 8, 18 ],
      next:= [ rec(
        desc:= [ 113005 ],
        fp:= [ 8, 18 ],
        next:= [ 11494, 11489 ] ), 10734 ] ), rec(
      desc:= [ 106003 ],
      fp:= [ 4, 212 ],
      next:= [ 10721, 11506 ] ), rec(
      desc:= [ 110005 ],
      fp:= [ 8, 18 ],
      next:= [ 11491, 10722 ] ), rec(
      desc:= [ 106003 ],
      fp:= [ 614, 812 ],
      next:= [ 11225, 10700 ] ), 11281, 11250, 11294, 10665, 11545, 11251, 
11211, 11296, 11290, 11293, rec(
      desc:= [ 109005 ],
      fp:= [ 16, 818 ],
      next:= [ 10666, 10658 ] ), rec(
      desc:= [ 106003 ],
      fp:= [ 4, 212 ],
      next:= [ 11537, 11264 ] ), rec(
      desc:= [ 106003 ],
      fp:= [ 414, 612 ],
      next:= [ 11505, 10723 ] ), rec(
      desc:= [ 107003 ],
      fp:= [ 6, 412 ],
      next:= [ 10693, 11226 ] ), 11282, 11292, 11260, 10769, 11536, 11592, 
10770, 11259, 10768, 10763, rec(
      desc:= [ 106003 ],
      fp:= [ 414, 612 ],
      next:= [ 11504, 10735 ] ), 11581, 11223, 11495, 11291, 11585, 11227, 
10915, rec(
      desc:= [ 107003 ],
      fp:= [ 416, 812 ],
      next:= [ 11258, 11541 ] ), rec(
      desc:= [ 106003 ],
      fp:= [ 414, 612 ],
      next:= [ 11263, 11540 ] ), rec(
      desc:= [ 115013 ],
      fp:= [ 48, 58 ],
      next:= [ 10728, 11493 ] ), 10699, rec(
      desc:= [ 106003 ],
      fp:= [ 414, 612 ],
      next:= [ 11262, 11539 ] ), rec(
      desc:= [ 106003 ],
      fp:= [ 614, 812 ],
      next:= [ 11503, rec(
        desc:= [ 40103004 ],
        fp:= [ 1, 2241 ],
        next:= [ 10731, 10729 ] ) ] ), rec(
      desc:= [ 118027 ],
      fp:= [ 1228, 2416 ],
      next:= [ 11551, rec(
        desc:= [ 113005 ],
        fp:= [ 8, 18 ],
        next:= [ 11544, 11538 ] ) ] ), rec(
      desc:= [ 106003 ],
      fp:= [ 12, 418, 814 ],
      next:= [ 11209, 11221, 10698 ] ), 11577, rec(
      desc:= [ 106003 ],
      fp:= [ 416, 812 ],
      next:= [ 11249, 11542 ] ), 11586, 11222, 11579, rec(
      desc:= [ 110005 ],
      fp:= [ 16, 818 ],
      next:= [ 10730, 11488 ] ), 11295, 11591, rec(
      desc:= [ 40103004 ],
      fp:= [ 1, 1121 ],
      next:= [ 11584, 11582 ] ), 10767, 11593, rec(
      desc:= [ 107003 ],
      fp:= [ 4, 212 ],
      next:= [ 11543, rec(
        desc:= [ 118015 ],
        fp:= [ 1228, 2416 ],
        next:= [ 11261, 11550 ] ) ] ), rec(
      desc:= [ 106003 ],
      fp:= [ 6, 412 ],
      next:= [ 11490, 11507 ] ), 11590, 10762, 11283, 11580, 11210, 11583, 
10659, 11578, rec(
      desc:= [ 114015 ],
      fp:= [ 1228, 2416 ],
      next:= [ 11265, 11553 ] ), rec(
      desc:= [ 106003 ],
      fp:= [ 6, 412 ],
      next:= [ 10692, 11228 ] ), 11552, 11496 ] ), rec(
    fp:= [ 4520, 17399, 93840 ],
    next:= [ 11344, 11316, 11378 ] ), 16247, rec(
    fp:= [ 166, 1592, 4769, 9154, 11425, 14383, 16530, 17932, 20220, 24108, 
24703, 32948, 33628, 40724, 46226, 49327, 51266, 53351, 56621, 57802, 60697, 
62676, 72746, 73367, 76961, 81826, 82423, 86253, 89424, 90465, 91715, 92574, 
92576, 93450, 96014 ],
    next:= [ rec(
      desc:= [ 109003 ],
      fp:= [ 8, 414 ],
      next:= [ 16001, 15997 ] ), 15944, 16007, 10876, 10870, 10843, rec(
      desc:= [ 108003 ],
      fp:= [ 4, 212 ],
      next:= [ 10844, 10839 ] ), rec(
      desc:= [ 107003 ],
      fp:= [ 4, 212 ],
      next:= [ 10816, rec(
        desc:= [ 112005 ],
        fp:= [ 8, 18 ],
        next:= [ 10807, 15968 ] ) ] ), 16022, 16026, 10868, 10878, rec(
      desc:= [ 108003 ],
      fp:= [ 4, 212 ],
      next:= [ 10814, 15969 ] ), rec(
      desc:= [ 306012, 221006 ],
      fp:= [ 24, 34 ],
      next:= [ 10867, 10869 ] ), rec(
      desc:= [ 110005 ],
      fp:= [ 8, 18 ],
      next:= [ 10806, 15966 ] ), rec(
      desc:= [ 109003 ],
      fp:= [ 16, 412 ],
      next:= [ rec(
        desc:= [ 40103005 ],
        fp:= [ 1, 2241 ],
        next:= [ 15998, 16006 ] ), 16002 ] ), 10837, 10926, 10813, rec(
      desc:= [ 110005 ],
      fp:= [ 8, 18 ],
      next:= [ 10805, 15974 ] ), 16005, 10880, rec(
      desc:= [ 303012, 40103005 ],
      fp:= [ 1, 2241 ],
      next:= [ 10879, 10877 ] ), rec(
      desc:= [ 107003 ],
      fp:= [ 2, 12 ],
      next:= [ 10846, 10838 ] ), 16023, 15945, 15999, 10847, 16003, rec(
      desc:= [ 107003 ],
      fp:= [ 2, 12 ],
      next:= [ 10815, 15967 ] ), 10804, 10871, 10875, 10866, 10845 ] ), 
10907, rec(
    fp:= [ 2357, 4222, 10134, 14885, 15431, 16951, 25454, 27741, 33897, 
36579, 41655, 43008, 45751, 49837, 54478, 57007, 67176, 69565, 70464, 72694, 
76048, 76671, 78235, 84486, 89921, 92229 ],
    next:= [ 11571, rec(
      desc:= [ 108005 ],
      fp:= [ 8, 18 ],
      next:= [ 11218, 10688 ] ), 11525, 11572, 11287, 11527, rec(
      desc:= [ 105003 ],
      fp:= [ 214, 412 ],
      next:= [ 10720, 11476 ] ), 11528, 10753, 10656, 10691, 11219, 
11256, rec(
      desc:= [ 105003 ],
      fp:= [ 214, 412 ],
      next:= [ 11257, 11526 ] ), 11570, 10719, 11478, 10655, 11288, 11289, 
11475, 11217, 10754, 11255, 10755, 11477 ] ), rec(
    fp:= [ 6352, 26526, 29129, 49762, 98009 ],
    next:= [ 10998, 11412, 11167, 11410, 11000 ] ), rec(
    fp:= [ 1941, 3093, 14857, 16686, 17348, 21878, 33879, 34446, 40714, 
52904, 76174, 93399, 95274, 99086 ],
    next:= [ rec(
      desc:= [ 105003 ],
      fp:= [ 4, 14 ],
      next:= [ 10793, 15959 ] ), 15939, 10859, 10861, 10832, 10831, 10794, 
10795, 15994, 15960, 10830, 15961, 15984, 10860 ] ), rec(
    fp:= [ 24741, 48096 ],
    next:= [ 11093, 11042 ] ), rec(
    fp:= [ 18223, 61439, 65644 ],
    next:= [ 14760, 14637, 14636 ] ), rec(
    fp:= [ 45417, 70179, 77692 ],
    next:= [ 11134, 10951, 10949 ] ), rec(
    fp:= [ 2821, 6556, 31559, 37903, 61187 ],
    next:= [ 11468, 11459, 11458, 11460, 11469 ] ), rec(
    fp:= [ 6212, 13672, 23388, 35587, 45452, 59044, 59253, 90080, 93462 ],
    next:= [ 11001, rec(
      desc:= [ 105003 ],
      fp:= [ 8, 414 ],
      next:= [ 11346, 10983 ] ), rec(
      desc:= [ 105003 ],
      fp:= [ 8, 414 ],
      next:= [ 11314, 10981 ] ), 11168, 11377, 11376, 11379, 11158, rec(
      desc:= [ 110003 ],
      fp:= [ 4, 14 ],
      next:= [ 11347, 11317 ] ) ] ), rec(
    fp:= [ 29964, 36278, 49479, 54867, 68721, 79801, 90326, 99091 ],
    next:= [ rec(
      desc:= [ 105003 ],
      fp:= [ 8, 18 ],
      next:= [ 14345, 16267 ] ), rec(
      desc:= [ 108003 ],
      fp:= [ 4, 14 ],
      next:= [ 14773, 14772 ] ), 14416, 14418, 14782, rec(
      desc:= [ 106003 ],
      fp:= [ 8, 18 ],
      next:= [ 14417, 14429 ] ), 14743, rec(
      desc:= [ 302009 ],
      fp:= [ 4281, 28699 ],
      next:= [ 16266, rec(
        desc:= [ 302007 ],
        fp:= [ 13, 3441 ],
        next:= [ rec(
          desc:= [ 107003 ],
          fp:= [ 8, 18 ],
          next:= [ 14344, 14351 ] ), 14343 ] ) ] ) ] ), 10894, 10900, rec(
    fp:= [ 22940, 26733 ],
    next:= [ 14638, 14758 ] ), rec(
    fp:= [ 15004, 25331, 32327, 37874, 42591, 52215, 53478, 60773, 83351, 
84359, 98029 ],
    next:= [ 11077, 11202, 11040, 11193, 11031, 11194, 11203, 11192, 11091, 
11092, 11041 ] ), rec(
    fp:= [ 5176, 17282, 79239, 85289 ],
    next:= [ 14754, 14523, 16322, 14501 ] ), rec(
    fp:= [ 21960, 39066, 40599, 60748, 87472 ],
    next:= [ 10953, 10933, 11136, 11126, 10936 ] ), rec(
    fp:= [ 8250, 37251, 52196, 71137 ],
    next:= [ 14717, 14781, rec(
      desc:= [ 110003 ],
      fp:= [ 4, 14 ],
      next:= [ 14768, 14769 ] ), 14716 ] ), rec(
    fp:= [ 2788, 10224, 20540, 31709, 38143, 47925, 53973, 60342, 70643, 
78372, 78647, 80145, 85249 ],
    next:= [ rec(
      desc:= [ 105003 ],
      fp:= [ 8, 414 ],
      next:= [ rec(
        desc:= [ 109003 ],
        fp:= [ 8, 18 ],
        next:= [ 11354, 11324 ] ), 10997 ] ), rec(
      desc:= [ 110003 ],
      fp:= [ 4, 14 ],
      next:= [ 11357, 11327 ] ), 11387, rec(
      desc:= [ 107003 ],
      fp:= [ 8, 414 ],
      next:= [ 11418, 11166 ] ), rec(
      desc:= [ 111003 ],
      fp:= [ 4, 14 ],
      next:= [ 11421, 11420 ] ), rec(
      desc:= [ 110003 ],
      fp:= [ 4, 14 ],
      next:= [ 11390, 11389 ] ), 11413, rec(
      desc:= [ 106003 ],
      fp:= [ 8, 414 ],
      next:= [ 11411, 11157 ] ), rec(
      desc:= [ 105003 ],
      fp:= [ 8, 414 ],
      next:= [ rec(
        desc:= [ 114015 ],
        fp:= [ 24, 34 ],
        next:= [ 11326, 11356 ] ), 10999 ] ), 11419, rec(
      desc:= [ 109003 ],
      fp:= [ 8, 18 ],
      next:= [ 11355, 11325 ] ), 10985, 11388 ] ), rec(
    fp:= [ 3819, 33961, 36640 ],
    next:= [ 10704, 10772, 10670 ] ), rec(
    fp:= [ 37509, 88962, 90736 ],
    next:= [ 14759, 14649, 14635 ] ), rec(
    fp:= [ 35116, 45052, 74339, 91247, 95021 ],
    next:= [ 16331, rec(
      desc:= [ 208002 ],
      fp:= [ 8, 18 ],
      next:= [ 16289, 16283 ] ), 16288, 16281, 16282 ] ), rec(
    fp:= [ 6062, 6765, 18341, 19147, 84638 ],
    next:= [ 11043, rec(
      desc:= [ 112003 ],
      fp:= [ 4, 14 ],
      next:= [ 11079, 11080 ] ), 11094, 11030, 11029 ] ), rec(
    fp:= [ 11186, 34713 ],
    next:= [ 14503, 14748 ] ), rec(
    fp:= [ 65438, 95252 ],
    next:= [ 15949, 15977 ] ), 10898, rec(
    fp:= [ 4234, 7346, 76746, 76778, 85880 ],
    next:= [ 10952, 10950, 10937, 11125, 11135 ] ), rec(
    fp:= [ 2309, 31726, 62972, 65088, 67736, 73849, 85192 ],
    next:= [ 14347, 14422, 14775, 14735, 14261, 14747, rec(
      desc:= [ 207002 ],
      fp:= [ 8, 18 ],
      next:= [ 14432, 14424 ] ) ] ), 16310, 10905, rec(
    fp:= [ 6576, 11221, 15533, 20914, 28479, 34281, 44710, 45965, 55380, 
57191, 60416, 62315, 68115, 87751, 88668, 96648 ],
    next:= [ 12152, 12149, 12114, 12153, 12115, 12119, 12158, 12157, 
12160, rec(
      desc:= [ 108003 ],
      fp:= [ 8, 612 ],
      next:= [ 12154, 12156 ] ), 12150, 12151, 12159, 12120, 12155, rec(
      desc:= [ 106003 ],
      fp:= [ 4, 212 ],
      next:= [ 12116, 12118 ] ) ] ), rec(
    fp:= [ 4878, 10238, 19013, 40070, 74671 ],
    next:= [ 11159, 11380, rec(
      desc:= [ 104003 ],
      fp:= [ 8, 18, 414 ],
      next:= [ 11345, 16083, 10982 ] ), rec(
      desc:= [ 104003 ],
      fp:= [ 8, 18, 414 ],
      next:= [ 11315, 16084, 10984 ] ), 16085 ] ), rec(
    fp:= [ 65766, 68284 ],
    next:= [ 10771, 10736 ] ), rec(
    fp:= [ 2021, 4018, 4633, 15294, 16354, 17186, 24120, 26924, 27054, 30445, 
30646, 31070, 33365, 33767, 33943, 38318, 42453, 44221, 45311, 46186, 48142, 
49432, 49614, 54993, 60747, 61453, 62093, 65379, 71340, 72546, 78172, 79160, 
79965, 85784, 89938, 90891, 97454 ],
    next:= [ rec(
      desc:= [ 303012, 40103005 ],
      fp:= [ 1, 2241 ],
      next:= [ 11702, 11701 ] ), rec(
      desc:= [ 108003 ],
      fp:= [ 6, 412 ],
      next:= [ 11753, 11751 ] ), 12100, 11636, 11703, 12110, rec(
      desc:= [ 108003 ],
      fp:= [ 2, 12 ],
      next:= [ 11638, 11635 ] ), rec(
      desc:= [ 110003 ],
      fp:= [ 2, 12 ],
      next:= [ 11640, 11634 ] ), 11632, 12101, 11757, 11639, 11749, rec(
      desc:= [ 110003 ],
      fp:= [ 414, 612 ],
      next:= [ 11694, 11697 ] ), 12098, 12099, 11756, rec(
      desc:= [ 108003 ],
      fp:= [ 2, 12 ],
      next:= [ 11755, 11748 ] ), rec(
      desc:= [ 110003 ],
      fp:= [ 2, 12 ],
      next:= [ 11700, 11692 ] ), 11747, 11754, 11695, 11689, 11633, 12109, 
12107, 11693, 11758, 11696, 11641, 11642, rec(
      desc:= [ 306014 ],
      fp:= [ 1042, 28762 ],
      next:= [ 11699, rec(
        desc:= [ 303017, 40103005 ],
        fp:= [ 1, 1121 ],
        next:= [ 11691, 11690 ] ) ] ), 11698, 11752, 12108, 11750, 
11688 ] ), rec(
    fp:= [ 12658, 37337, 54342, 67485, 92323 ],
    next:= [ rec(
      desc:= [ 107003 ],
      fp:= [ 8, 18 ],
      next:= [ 15965, 15970 ] ), 16000, 15946, 15964, 16021 ] ), rec(
    fp:= [ 18147, 45489, 56879 ],
    next:= [ 14500, 14749, 14502 ] ), rec(
    fp:= [ 61697, 97788 ],
    next:= [ 16246, 16245 ] ), rec(
    fp:= [ 7013, 14141, 84367 ],
    next:= [ rec(
      desc:= [ 106003 ],
      fp:= [ 16, 412 ],
      next:= [ 16175, 11078 ] ), 16176, 11032 ] ), 16008, 14774, rec(
    fp:= [ 8318, 28015, 48133, 54832, 64994, 79679, 88845 ],
    next:= [ rec(
      desc:= [ 105003 ],
      fp:= [ 4, 14 ],
      next:= [ 10935, 16053 ] ), 16054, 11127, rec(
      desc:= [ 110003 ],
      fp:= [ 4, 14 ],
      next:= [ 16109, 16110 ] ), 16107, rec(
      desc:= [ 105003 ],
      fp:= [ 4, 14 ],
      next:= [ 10934, 16052 ] ), 16108 ] ), rec(
    fp:= [ 666, 8488, 15034, 21806, 23987, 28459, 30441, 39262, 63376, 64118, 
75538, 81256, 83368, 91614, 95662, 97835 ],
    next:= [ 12179, 12134, 12178, 12176, 12172, 12171, rec(
      desc:= [ 107003 ],
      fp:= [ 416, 614 ],
      next:= [ 12173, 12175 ] ), 12168, 12170, 12177, 12128, 12169, 12129, 
12174, rec(
      desc:= [ 106003 ],
      fp:= [ 2, 12 ],
      next:= [ 12132, 12130 ] ), 12133 ] ), rec(
    fp:= [ 74997, 82125 ],
    next:= [ 16140, 16141 ] ), rec(
    fp:= [ 41489, 68316, 75199, 97571, 98795 ],
    next:= [ 10671, 10682, 10705, rec(
      desc:= [ 302006 ],
      fp:= [ 1123, 24680 ],
      next:= [ rec(
        desc:= [ 40103004 ],
        fp:= [ 1, 4481 ],
        next:= [ 10785, 10783 ] ), 10773 ] ), 10703 ] ), rec(
    fp:= [ 911, 2213, 7543, 7713, 8166, 8656, 12095, 18294, 19096, 25002, 
25105, 32560, 39490, 40612, 44552, 52408, 55268, 56728, 60943, 62288, 66666, 
67182, 70415, 71712, 77646, 80091, 87519, 89700, 90624 ],
    next:= [ rec(
      desc:= [ 302005, 208002, 304014, 40104010 ],
      fp:= [ 1, 4481 ],
      next:= [ 11679, 11678 ] ), 11672, 11729, rec(
      desc:= [ 305013 ],
      fp:= [ 1042, 28762 ],
      next:= [ 11676, rec(
        desc:= [ 303016, 40103009 ],
        fp:= [ 1, 2241 ],
        next:= [ 11667, 11666 ] ) ] ), 11618, rec(
      desc:= [ 107003 ],
      fp:= [ 4, 212 ],
      next:= [ 11615, 11617 ] ), 11665, 11731, rec(
      desc:= [ 109003 ],
      fp:= [ 614, 812 ],
      next:= [ 11673, 11671 ] ), rec(
      desc:= [ 109003 ],
      fp:= [ 4, 212 ],
      next:= [ 11668, 11677 ] ), 11664, 11669, rec(
      desc:= [ 108003 ],
      fp:= [ 616, 814 ],
      next:= [ 11735, 11733 ] ), 11732, rec(
      desc:= [ 109003 ],
      fp:= [ 4, 212 ],
      next:= [ 11613, 11620 ] ), 11739, 11619, 11612, 11674, 11675, 11614, 
11737, rec(
      desc:= [ 107003 ],
      fp:= [ 4, 212 ],
      next:= [ 11730, 11736 ] ), 11734, 11670, 11621, 11738, 11728, 
11611 ] ), rec(
    fp:= [ 27880, 65809 ],
    next:= [ 14423, 14346 ] ), rec(
    fp:= [ 11343, 53711, 97714 ],
    next:= [ 16033, 16034, 16032 ] ), rec(
    fp:= [ 20433, 21512, 25396, 53201, 89818 ],
    next:= [ 15988, rec(
      desc:= [ 207002 ],
      fp:= [ 22, 814 ],
      next:= [ 15979, 15989 ] ), 15978, 15950, 16028 ] ), 16251, 16318, 
16296, rec(
    fp:= [ 4790, 49525, 54338, 61262, 71855 ],
    next:= [ 11461, 11470, 11471, 11462, 11463 ] ), rec(
    fp:= [ 2630, 51864, 57954, 62584 ],
    next:= [ 11928, 12043, 12039, 11932 ] ), 16330, rec(
    fp:= [ 5965, 29715 ],
    next:= [ 10747, 10782 ] ), rec(
    fp:= [ 26062, 35156, 37096, 48614 ],
    next:= [ 11986, 11858, 11984, 11856 ] ), rec(
    fp:= [ 21522, 32674, 35349, 64480, 64684 ],
    next:= [ 11200, 11190, 11191, 11189, 11201 ] ), 15975, rec(
    fp:= [ 5801, 13771, 21761, 64004, 71482, 85595, 89226, 93565, 97248 ],
    next:= [ 15541, 15543, 14647, 15539, rec(
      desc:= [ 105003 ],
      fp:= [ 618, 816 ],
      next:= [ 14645, 14648 ] ), 15540, 15544, 15542, 14644 ] ), 16017, rec(
    fp:= [ 43999, 54265, 54321, 94358 ],
    next:= [ 12078, 11795, 12074, 11799 ] ), rec(
    fp:= [ 26477, 38547, 67973, 68140 ],
    next:= [ 11930, 12041, 12040, 11929 ] ), rec(
    fp:= [ 2869, 9527, 20727, 24800, 27053, 35640, 42160, 56147, 56516, 
56679, 63199, 75752, 76328, 76661, 77729, 82016, 83567, 86535, 90697, 93101 ],
    next:= [ rec(
      desc:= [ 106003 ],
      fp:= [ 614, 812 ],
      next:= [ 14732, 14725 ] ), rec(
      desc:= [ 105003 ],
      fp:= [ 822, 1614 ],
      next:= [ 14257, 14259 ] ), 14414, rec(
      desc:= [ 109005 ],
      fp:= [ 16, 818 ],
      next:= [ 14724, 14728 ] ), 14415, 15340, rec(
      desc:= [ 105003 ],
      fp:= [ 4, 212 ],
      next:= [ 15338, 15342 ] ), 14421, 15344, rec(
      desc:= [ 106003 ],
      fp:= [ 6, 412 ],
      next:= [ 15339, 15343 ] ), 15341, 14723, 14260, rec(
      desc:= [ 106003 ],
      fp:= [ 814, 1012 ],
      next:= [ 14733, 14729 ] ), rec(
      desc:= [ 105003 ],
      fp:= [ 818, 1016 ],
      next:= [ 14734, 14730 ] ), 14420, 16268, 14419, 14726, 15337 ] ), 
10916, rec(
    fp:= [ 34911, 40793, 98473 ],
    next:= [ 10712, 10683, 10784 ] ), rec(
    fp:= [ 12252, 25071, 42386, 57659, 89616, 98021 ],
    next:= [ rec(
      desc:= [ 40103004 ],
      fp:= [ 1, 2241 ],
      next:= [ 11861, 11860 ] ), 11855, 11983, 11854, rec(
      desc:= [ 112003 ],
      fp:= [ 4, 14 ],
      next:= [ 11989, 11988 ] ), 11982 ] ), 14329, rec(
    fp:= [ 33438, 61364 ],
    next:= [ 16024, 10925 ] ), rec(
    fp:= [ 3960, 28193, 42544, 67478, 87337 ],
    next:= [ rec(
      desc:= [ 107003 ],
      fp:= [ 4, 14 ],
      next:= [ 15996, 15995 ] ), 15942, 15963, rec(
      desc:= [ 105003 ],
      fp:= [ 16, 818 ],
      next:= [ 15962, 15985 ] ), rec(
      desc:= [ 302004 ],
      fp:= [ 3542, 5881 ],
      next:= [ rec(
        desc:= [ 105003 ],
        fp:= [ 16, 818 ],
        next:= [ 15940, 15954 ] ), 15941 ] ) ] ), rec(
    fp:= [ 32328, 64921 ],
    next:= [ 14757, 10899 ] ), rec(
    fp:= [ 3819, 8687, 11027, 13458, 17547, 32066, 38586, 41880, 43767, 
54780, 60839, 65001, 76020, 81515, 88191, 98612 ],
    next:= [ 15486, 16323, 15489, 14515, 15491, 15488, 15487, 15132, rec(
      desc:= [ 106003 ],
      fp:= [ 614, 812 ],
      next:= [ 14511, 14514 ] ), rec(
      desc:= [ 106003 ],
      fp:= [ 4, 212 ],
      next:= [ 15131, 15129 ] ), 14509, 14513, 15127, 15490, 14510, rec(
      desc:= [ 106003 ],
      fp:= [ 2, 12 ],
      next:= [ 15130, 15128 ] ) ] ), rec(
    fp:= [ 20728, 25476 ],
    next:= [ 14477, 10904 ] ), rec(
    fp:= [ 7892, 25708, 60323, 71454 ],
    next:= [ 12077, 11797, 12076, 11798 ] ), rec(
    fp:= [ 14904, 79575, 84660, 90822, 98525 ],
    next:= [ 16119, 16121, 16120, 16211, 16210 ] ) ] );
